


%1
@article{fan,
		author =	"白須 椋介 and 羽田 久一 ",
		title =		"視覚と嗅覚の相互作用における味覚変容の検討",
		journal =	"研究報告デジタルコンテンツクリエーション（DCC）",
		volume =	53,
		pages =		"1--6",
		year =		2019}

@article{pomp,
		author =	"白須 椋介 and 羽田 久一 ",
		title =		"複合感覚によるリアルタイム味覚変容デバイスの開発",
		journal =	"エンタテインメントコンピューティングシンポジウム2019論文集",
		pages =		"310--316",
		year =		2019}


%視覚と味覚
%2
@article{zeri,
	author =	"数野 千恵子 and 渡部 絵里香 and 藤田 綾子 and 増尾 侑子",
	title =		"ゼリーの色が味覚の判別に与える影響",
	journal =	"実践女子大学生活科学部紀要",
	volume =	43,
	pages =		"1--7",
	year =		2006}
%3
@article{iro,
		author =	"奥田 弘枝 and 田坂 美央 and 由井 明子 and 川染 節江",
		title =		"食品の色彩と味覚の関係 —日本の20歳代の場合―",
		journal =	"日本調理科学会誌",
		volume =	35,
		pages =		"2--9",
		year =		2002}

%4
@article{narumi1,
	author =	"鳴海 拓志 and 佐藤 宗彦 and 谷川 智弘 and 廣瀬 通孝",
	title =		"味覚ディスプレイに関する研究　第二報",
	journal =	"電子情報通信学会技術研究報告．PRMU，パターン認識・メディア理解",
	volume = 109,
	pages = "311--316",
	year =		2009}






%嗅覚と味覚
%5
@article{keiro,
		author =	"Paul Rozin ",
		title =		"Taste-smell confusions” and the duality of the olfactory sense",
		journal =	"Percept Psychophys",
		volume =	31,
		number = 4,
		pages =		"397--401",
		year =		1982}

%6
@book{book,
	author =	"近江 政雄",
	yomi =		"Masao Oumi",
	title = 	"講座〈感覚・知覚の科学〉",
	publisher =	"朝倉書店",
	year =		2008}


%10
@article{narumi2,
	author =	"鳴海 拓志 and 谷川 智洋 and 梶波 崇 and 廣瀬 通孝",
	title =		"メタクッキー:感覚相互作用を用いた味覚ディスプレイの検討",
	journal =	"日本バーチャルリアリティ学会論文誌",
	volume =	15,
	number =	4,
	pages =		"579--588",
	year =		2010}

%12
@article{vocktail,
	author =	"Nimesha Ranasinghe and Thi Ngoc Tram Nguyen and Yan Liangkun and Lien-Ya Lin and David Tolley and Ellen Yi-Luen Do",
	title =		"Vocktail:A Virtual Cocktail for Pairing Digital Taste, Smell, and Color Sensations",
	journal =	"MM'17, October 23-27, 2017, ",}


@article{hirose1,
	author =	"谷川 智洋 and 崎川 修一郎 and 広田 光一 and 廣瀬 通孝",
	title =		"嗅覚における空間情報の伝送提示を行うシステムの研究",
	journal =	"TVRSJ",
	volume =	9,
	number =	3,
	pages =		"289--298",
	year =		2004}


@article{hirose2,
	author =	"横山 智史 and 谷川 智洋 and 広田 光一 and 廣瀬 通孝",
	title =		"ウェアラブル嗅覚ディスプレイによる匂い場の生成・提示",
	journal =	"TVRSJ,",
	volume =	9,
	number =	3,
	pages =		"265--274",
	year =		2004}

%9
@article{nakamura1,
	author =  "中村 雅也 and 鈴木 優",
	title =		"身近なにおいを用いた嗅覚における方向知覚の実験",
	journal =	"エンタテインメントコンピューティングシンポジウム2017論文集",
	pages = "188--191"
	year =		2017}


@article{nakamura2,
	author =  "中村 雅也 and 鈴木 優",
	title =		"方向提示が可能な嗅覚デバイスの開発とその応用",
	journal =	"インタラクション2018論文集",
	pages =		"985--987",
	year =		2018}

%8
@article{uzuwa,
	author =	"柳田 康孝",
	title =		"渦輪を利用した局所的香り提示技術の現状と課題",
	journal =	"日本バーチャルリアリティ学会論文誌",
	volume =	19,
  number =	1,
	pages =		"29--36",
	year =		2014}

%7
@article{incent,
	author =	"David Dobbelstein and Steffen Herrdum and Enrico Rukzio",
	title =		"inScent: a Wearable Olfactory Display as an Ampliﬁcation for Mobile Notiﬁcations,",
	journal =	"ISWC '17, SEPTEMBER 11–15, 2017, MAUI, HAWAII, USA",
	year =		2017}

@article{essence,
	author =	"Judith Amores and Pattie Maes",
	title =		"Essence: Olfactory Interfaces for Unconscious Inﬂuence of Mood and Cognitive Performance",
	journal =	"CHI 2017, May 6–11, 2017, Denver, CO, USA",
	year =		2017}



%11
@inproceedings{transfork,
address = {USA},
author = {Lin, Ying-Li and Chou, Tsai-Yi and Lieo, Yu-Cheng and Huang, Yu-Cheng and Han, Ping-Hsuan},
booktitle = {Proceedings of the 24th ACM Symposium on Virtual Reality Software and Technology  - VRST '18},
file = {::},
isbn = {9781450360869},
mendeley-groups = {白須,EC2019},
pages = {1--2},
publisher = {ACM Press},
title = {{TransFork}},
year = {2018}
	}
